@book{mackay2003information,
  title={Information theory, inference and learning algorithms},
  author={David JC Mac Kay},
  year={2003},
  publisher={Cambridge university press}
}

@book{james2013introduction,
  title={An introduction to statistical learning},
  author={James, Gareth and Witten, Daniela and Hastie, Trevor and Tibshirani, Robert},
  volume={112},
  year={2013},
  publisher={Springer}
}

@article{carleo2019machine,
  title={Machine learning and the physical sciences},
  author={Carleo, Giuseppe and Cirac, Ignacio and Cranmer, Kyle and Daudet, Laurent and Schuld, Maria and Tishby, Naftali and Vogt-Maranto, Leslie and Zdeborov{\'a}, Lenka},
  journal={Reviews of Modern Physics},
  volume={91},
  number={4},
  pages={045002},
  year={2019},
  publisher={APS}
}

@article{seager2013exoplanet,
  title={Exoplanet habitability},
  author={Seager, Sara},
  journal={Science},
  volume={340},
  number={6132},
  pages={577--581},
  year={2013},
  publisher={American Association for the Advancement of Science}
}

@article{armstrong2020exoplanet,
  title={Exoplanet Validation with Machine Learning: 50 new validated Kepler planets},
  author={Armstrong, David J and Gamper, Jevgenij and Damoulas, Theodoros},
  journal={Monthly Notices of the Royal Astronomical Society},
  year={2020}
}

@incollection{papagiannis1985historical,
  title={A historical introduction to the search for extraterrestrial life},
  author={Papagiannis, Michael D},
  booktitle={The Search for Extraterrestrial Life: Recent Developments},
  pages={5--11},
  year={1985},
  publisher={Springer}
}

@book{fleming2001barrow,
  title={Barrow's boys},
  author={Fleming, Fergus},
  year={2001},
  publisher={Grove Press}
}

@article{mckay2014requirements,
  title={Requirements and limits for life in the context of exoplanets},
  author={McKay, Christopher P},
  journal={Proceedings of the National Academy of Sciences},
  volume={111},
  number={35},
  pages={12628--12633},
  year={2014},
  publisher={National Acad Sciences}
}

@article{rothschild2001life,
  title={Life in extreme environments},
  author={Rothschild, Lynn J and Mancinelli, Rocco L},
  journal={Nature},
  volume={409},
  number={6823},
  pages={1092--1101},
  year={2001},
  publisher={Nature Publishing Group}
}


@misc{feynman,
title  = "The Feynman Lectures on Physics",
author = "Richard P. Feynman",
howpublished = {\url{https://www.feynmanlectures.caltech.edu/II_21.html#mjx-eqn-EqII217}}
}

@article{kasting1993habitable,
  title={Habitable zones around main sequence stars},
  author={Kasting, James F and Whitmire, Daniel P and Reynolds, Ray T},
  journal={Icarus},
  volume={101},
  number={1},
  pages={108--128},
  year={1993},
  publisher={Elsevier}
}

@article{rahm2016polymorphism,
  title={Polymorphism and electronic structure of polyimine and its potential significance for prebiotic chemistry on Titan},
  author={Rahm, Martin and Lunine, Jonathan I and Usher, David A and Shalloway, David},
  journal={Proceedings of the National Academy of Sciences},
  volume={113},
  number={29},
  pages={8121--8126},
  year={2016},
  publisher={National Acad Sciences}
}

@misc{habitable_zone_radius,
howpublished = {\url{https://upload.wikimedia.org/wikipedia/commons/6/61/Habitable_zone_-_HZ.png}}
}

@article{forget2014possible,
  title={Possible climates on terrestrial exoplanets},
  author={Forget, Fran{\c{c}}ois and Leconte, Jeremy},
  journal={Philosophical Transactions of the Royal Society A: Mathematical, Physical and Engineering Sciences},
  volume={372},
  number={2014},
  pages={20130084},
  year={2014},
  publisher={The Royal Society Publishing}
}

@article{way2016venus,
  title={Was Venus the first habitable world of our solar system?},
  author={Way, Michael J and Del Genio, Anthony D and Kiang, Nancy Y and Sohl, Linda E and Grinspoon, David H and Aleinov, Igor and Kelley, Maxwell and Clune, Thomas},
  journal={Geophysical Research Letters},
  volume={43},
  number={16},
  pages={8376--8383},
  year={2016},
  publisher={Wiley Online Library}
}

@article{luger2015extreme,
  title={Extreme water loss and abiotic O2 buildup on planets throughout the habitable zones of M dwarfs},
  author={Luger, Rodrigo and Barnes, Rory},
  journal={Astrobiology},
  volume={15},
  number={2},
  pages={119--143},
  year={2015},
  publisher={Mary Ann Liebert, Inc. 140 Huguenot Street, 3rd Floor New Rochelle, NY 10801 USA}
}